% Encoding: UTF-8

@Article{test,
  Title                    = {Stability of slowly diverging flows in shallow water},
  Author                   = {A Kolyshkin and S Nazarovs},
  Journal                  = {Mathematical Modeling and Analysis},
  Year                     = {2007},

  Owner                    = {Francesca},
  Timestamp                = {2015.12.17}
}

@comment{jabref-meta: selector_author:}
@comment{jabref-meta: selector_journal:}
@comment{jabref-meta: selector_keywords:}
@comment{jabref-meta: selector_publisher:}

